2250 3750
210 168 288 265 '192'
356 164 626 261 Joirurs
672 155 950 240 N.rcotat
1021 224 1026 231 .

209 293 259 368 ris
266 289 390 369 debeat
406 291 471 367 effe
486 309 638 385 naturae,
661 287 864 363 mulieribus
879 290 1087 369 mturaexi-

208 388 378 464 stentibus
396 382 612 462 mollioribus
632 386 670 459 ὅτ
686 381 929 485 fragilioribus.
980 390 1084 488 Qro.

207 481 288 569 rum
306 505 423 559 tamen
442 480 648 580 opiniones,
683 482 719 555 in
739 484 895 583 eoquod
915 486 952 559 &
971 487 1029 561 vir
1046 490 1082 562 ὃ(

209 581 335 673 mulier
347 599 468 678 peccet
481 588 649 678 uterque,
665 578 933 675 amplestamur,
955 604 1082 657 caetera

205 676 474 755 contemnimus.
500 674 596 748 Nam
607 676 703 772 quod
720 676 867 771 pertinet
882 678 924 751 ad
937 698 1080 773 torum,

48 786 58 795 “
173 776 177 787 ’
205 794 396 872 utrumque
422 776 461 848 bc
487 772 601 845 virum
623 773 660 845 ὅτ
681 794 825 845 uxorem
846 796 943 869 pares
961 776 1081 851 cense-

202 894 284 947 mur
295 871 411 971 ,.quia
428 867 596 979 quicquid
617 868 653 941 in
670 868 820 942 castitate
831 871 1077 953 matrimoniali

202 964 514 1138 pricipium?
527 961 1076 1155 bettrictznlsrquegtergedundant

68 1085 72 1102 ·
179 1090 243 1140 ·m
274 1088 420 1140 oemtoas
460 1080 476 1101 ‘
497 1086 565 1135 con
618 1110 627 1131 .
691 1084 788 1135 uerna
814 1085 871 1133 mo
897 1087 1071 1153 umerum

203 1162 259 1237 uir
276 1187 349 1237 non
367 1160 470 1234 habet
487 1156 689 1256 potestatem
720 1154 770 1231 sui
799 1158 951 1255 corporis
972 1218 985 1253 ‚
1015 1162 1070 1235 sed

104 1289 108 1299 ·
147 1312 157 1321 -
204 1284 315 1333 uxor:
339 1258 589 1347 itanecuxor,
612 1252 668 1327 sed
685 1250 739 1327 uir
753 1252 955 1351 potestatem
969 1257 1070 1333 habet
1104 1336 1107 1359 ⁵

89 1422 93 1433 .
118 1439 124 1451 ⁴
202 1354 265 1440 sui,
277 1378 319 1426 r.
332 1360 403 1425 Cor.
417 1377 483 1425 vu.
503 1348 632 1424 &ideb
649 1368 836 1447 utrumque
852 1352 1067 1449 puniendum

229 1450 355 1523 rariter
368 1448 622 1537 existimamus,
644 1469 725 1519 cum
743 1445 836 1544 leges
853 1446 955 1522 etiam
968 1452 1003 1525 id
1012 1452 1067 1549 ju·-

290 1565 326 1639 t,
350 1546 387 1621 &
404 1542 476 1643 pari
490 1542 685 1641 poenajure
701 1541 822 1617 diuino
840 1544 976 1620 adulter
985 1572 1064 1623 cum

201 1643 355 1719 adultera
375 1661 565 1715 necaretur.
709 1662 713 1669 ·

246 1740 349 1817 Xlll.
372 1738 484 1813 Nulla
499 1760 563 1814 nos
576 1734 672 1835 cogit
685 1727 871 1824 neceffitas,
894 1736 1062 1817 utaScri·

198 1857 311 1949 ptura}
328 1841 439 1949 §aorae
455 1830 873 1934 preceptionisceoamus,
884 1836 921 1912 bt
932 1836 1061 1960 adulte·

195 1929 1057 2138 nautuurnltluulnrrt

193 2124 336 2214 statuit,
361 2145 517 2222 quamurt
536 2144 638 2196 etiam
659 2143 807 2222 mitigari
823 2125 907 2200 velit
919 2152 1054 2226 poenam

191 2218 380 2312 adulterii,
401 2217 540 2316 quaudo
561 2219 608 2292 ita
623 2223 828 2320 Noreia-32.
845 2221 984 2318 statuit:
1008 2229 1053 2300 At

193 2312 280 2399 verb
297 2342 359 2392 nos
375 2315 447 2390 fere
462 2315 506 2389 ad
522 2315 725 2416 benigniora
740 2319 928 2411 trahimur,
951 2347 1051 2420 quam

190 2414 505 2523 illiconstiruerunt
519 2437 678 2510 poenam,
705 2418 1052 2521 utnempenasusde·

165 2588 169 2604 ‚
190 2511 350 2593 reflando
370 2510 437 2585 rllo
456 2510 622 2583 ambobus
643 2506 857 2586 abscindatur
873 2545 897 2603 ,·
909 2515 1050 2594 hanc&

189 2636 253 2688 nos
273 2603 480 2696 statuimus,
502 2625 605 2702 atque
623 2603 696 2678 haec
713 2607 992 2704 quidemnefarii
1010 2614 1049 2687 il·
1111 2647 1112 2709 l

78 2707 84 2720 '
137 2751 142 2760 ·
186 2708 256 2782 lius
274 2703 407 2778 sceleris
426 2698 499 2777 esto
517 2725 633 2799 poena.
667 2701 801 2778 Verum
819 2730 863 2779 an
880 2712 1047 2784 truncatio
1110 2789 1111 2792 Ἴ

139 2809 144 2816 ”
188 2801 259 2880 nost
278 2797 448 2889 sufficiens
458 2798 619 2875 adulterii
638 2795 821 2916 srtpoena,
845 2803 970 2880 meriti>
988 2807 1047 2882 du·
1110 2828 1111 2851 ¹

186 2897 345 2976 bitarnut.
391 2895 516 3002 Sedaul
535 2893 649 2996 legem
665 2891 917 2996 Aegyptiorum
938 2957 950 2993 ‚
983 2904 1046 3002 qul

186 2994 254 3073 viri
269 2991 415 3068 adulteri
434 2988 580 3068 fustibus
604 2989 661 3066 vel
689 2995 793 3092 virgis
809 2996 1045 3091 credebantur,
1108 3053 1109 3056 ,

187 3087 422 3193 quaelnfamia
439 3086 516 3165 satis
535 3101 767 3194 magnaurae,
792 3090 916 3191 &ipsa
937 3117 1045 3172 morte
1108 3091 1109 3133 l

974 3217 1045 3268 ctu·
1107 3229 1108 3273 l

1105 3337 1107 3415 l
